<record><leader>00000cas a2200000 a 4500</leader><controlfield tag="001">11319594</controlfield><controlfield tag="008">841029d19131990caudr ne      0   a0eng c</controlfield><datafield ind1=" " ind2=" " tag="010"><subfield code="a">sn 93053192 </subfield></datafield><datafield ind1=" " ind2=" " tag="040"><subfield code="a">MSH</subfield><subfield code="b">eng</subfield><subfield code="c">MSH</subfield><subfield code="d">CNK</subfield><subfield code="d">OCLCQ</subfield><subfield code="d">OCLCF</subfield><subfield code="d">OCLCO</subfield></datafield><datafield ind1="1" ind2=" " tag="029"><subfield code="a">AU@</subfield><subfield code="b">000010784495</subfield></datafield><datafield ind1=" " ind2=" " tag="042"><subfield code="a">pcc</subfield></datafield><datafield ind1=" " ind2=" " tag="043"><subfield code="a">n-us-ca</subfield></datafield><datafield ind1="0" ind2=" " tag="130"><subfield code="a">Daily report (Ontario, Calif.)</subfield></datafield><datafield ind1="1" ind2="4" tag="245"><subfield code="a">The daily report.</subfield></datafield><datafield ind1="1" ind2=" " tag="246"><subfield code="i">Published on Saturdays as:</subfield><subfield code="a">Daily report progress bulletin Saturday</subfield><subfield code="f">Aug. 27, 1988-Apr. 28, 1990</subfield></datafield><datafield ind1="1" ind2=" " tag="246"><subfield code="i">Published on Sundays as:</subfield><subfield code="a">Daily report progress bulletin Sunday</subfield><subfield code="f">Aug. 28, 1988-Apr. 29, 1990</subfield></datafield><datafield ind1="3" ind2="0" tag="246"><subfield code="a">Inland Valley life</subfield></datafield><datafield ind1="1" ind2="3" tag="246"><subfield code="a">Daily report and the daily Republican</subfield><subfield code="f">Nov. 12, 1913-Sept. 9, 1917</subfield></datafield><datafield ind1=" " ind2=" " tag="260"><subfield code="a">Ontario, Calif. :</subfield><subfield code="b">Ontario Pub. Co.</subfield></datafield><datafield ind1=" " ind2=" " tag="300"><subfield code="a">v.</subfield></datafield><datafield ind1=" " ind2=" " tag="310"><subfield code="a">Daily</subfield></datafield><datafield ind1="0" ind2=" " tag="362"><subfield code="a">Vol. 4, no. 948 (Nov. 12, 1913)-80th year, no. 119 (Apr. 29, 1990).</subfield></datafield><datafield ind1=" " ind2=" " tag="500"><subfield code="a">Thursday issues include "Inland Valley Life" section with separate v. and numbering designation, Mar. 29-Apr. 26, 1990.</subfield></datafield><datafield ind1=" " ind2=" " tag="500"><subfield code="a">Published in: Ontario-Upland, Calif., &lt;1949&gt;</subfield></datafield><datafield ind1=" " ind2=" " tag="500"><subfield code="a">"Covering the great west of San Bernardino County - Ontario, Upland, Chino, Cucamonga, Alta Loma and Etiwanda."</subfield></datafield><datafield ind1=" " ind2=" " tag="515"><subfield code="a">Numbering changed from v. to year with &lt;Jan. 1, 1980&gt; issue.</subfield></datafield><datafield ind1=" " ind2=" " tag="530"><subfield code="a">Master negatives are available for duplication from:</subfield><subfield code="b">California Newspaper Microfilm Archive;</subfield><subfield code="c">positive copies may be purchased by the reel; for further information consult the CNMA at:</subfield><subfield code="u">http://cbsr.ucr.edu</subfield></datafield><datafield ind1=" " ind2=" " tag="580"><subfield code="a">Published in several local editions, &lt;Jan. 1, 1980&gt;-Apr. 29, 1990.</subfield></datafield><datafield ind1=" " ind2="0" tag="651"><subfield code="a">Ontario (Calif.)</subfield><subfield code="v">Newspapers.</subfield></datafield><datafield ind1=" " ind2="0" tag="651"><subfield code="a">Upland (Calif.)</subfield><subfield code="v">Newspapers.</subfield></datafield><datafield ind1=" " ind2="7" tag="655"><subfield code="a">Newspapers.</subfield><subfield code="2">fast</subfield><subfield code="0">(OCoLC)fst01423814</subfield></datafield><datafield ind1=" " ind2="7" tag="651"><subfield code="a">California</subfield><subfield code="z">Ontario.</subfield><subfield code="2">fast</subfield><subfield code="0">(OCoLC)fst01219034</subfield></datafield><datafield ind1=" " ind2="7" tag="651"><subfield code="a">California</subfield><subfield code="z">Upland.</subfield><subfield code="2">fast</subfield><subfield code="0">(OCoLC)fst01218720</subfield></datafield><datafield ind1=" " ind2=" " tag="752"><subfield code="a">United States</subfield><subfield code="b">California</subfield><subfield code="c">San Bernardino</subfield><subfield code="d">Ontario.</subfield></datafield><datafield ind1="0" ind2=" " tag="775"><subfield code="t">Ontario record (Ontario, Calif. : 1904)</subfield><subfield code="w">(DLC)sn 93053191</subfield></datafield><datafield ind1="0" ind2="0" tag="780"><subfield code="t">Daily report and the daily Republican</subfield><subfield code="w">(DLC)sn 96064336</subfield></datafield><datafield ind1="0" ind2="5" tag="780"><subfield code="t">Upland news (Upland, Calif. : 1950)</subfield><subfield code="w">(DLC)sn 94051776</subfield></datafield><datafield ind1="0" ind2="5" tag="780"><subfield code="t">Rancho Cucamonga times</subfield><subfield code="w">(DLC)sn 95061537</subfield></datafield><datafield ind1="0" ind2="5" tag="780"><subfield code="t">Montclair tribune</subfield><subfield code="w">(DLC)sn 94051746</subfield></datafield><datafield ind1="0" ind2="7" tag="785"><subfield code="t">Progress-bulletin (Pomona, Calif. : 1958)</subfield><subfield code="w">(DLC)sn 96062912</subfield></datafield><datafield ind1="0" ind2="7" tag="785"><subfield code="t">Inland Valley daily bulletin</subfield><subfield code="w">(DLC)sn 96064434</subfield></datafield></record>